@article{brianford,
	title = {{ "Parsing Expression Grammars: A Recognition-Based Syntactic Foundation" }},
	author = "Bryan Ford",
}

@article{brianford2,
	title = {{ "Packrat Parsing: Simple, Powerful, Lazy, Linear Time" }},
	author = "Bryan Ford",
}

@article{roman,
	title = {{"Mouse: From Parsing Expressions to a Practical Parser"}},
	author = "Roman R. Redziejowski",
}

@article{lucas,
	title = {{"The structure of formula-translators."}},
	author = "Lucas P.",
	year = "1961",
	journal = "ALGOL Bulletin Supplement",
	volume = "16",
	pages = "1--27",
}

@book{compilers,
	title = {{"Compilers: Principles, Techniques, and Tools"}},
	author = {{"Alfred V. Aho, Ravi Sethi, and Jeffrey D. Ullman"}},
	year ="1986",
	publisher = "Addison-Wesley",
}

@book{1970,
	title = {{"The Theory of Parsing, Translation and Compiling - Vol. I: Parsing."}},
	author = {{"Alfred V. Aho, Ravi Sethi, and Jeffrey D. Ullman"}},
	year ="1972",
	publisher = "Prentice Hall",
	address = "Englewood Cliffs, N.J.",
}

@article{1971,
	title = {{"Parsing algorithms with backtrack. Information and Control"}},
	author = "Alexander Birman and Jeffrey D. Ullman",
	year ="1973",
}

@article{sasc,
	title = "Inferring Cancer Progression from Single-Cell Sequencing while Allowing Mutation Losses",
	author = {{Simone Ciccolella, 
	Camir Ricketts,
	Mauricio Soto Gomez, 
	Murray Patterson, 
	Dana Silverbush, 
	Paola Bonizzoni, 
	Iman Hajirasouliha and Gianluca Della Vedova}},
	year = "2020",
	publisher = "Oxford University Press",
}

@article{scite,
	title = "Tree inference for single-cell data",
	author = {{Katharina Jahn, Jack Kuipers and Niko Beerenwinkel}},
	year = "2016",
	publisher = "Genome Biology"
}

@article{sphyr,
	title = "SPhyR: tumor phylogeny estimation from single-cell sequencing data under loss and error",
	author = "Mohammed El-Kebir",
	journal = "Bioinformatics",
	year = "2018",
	volume = "34",
}

@article{patterson,
	title = "Effective Clustering for Single Cell Sequencing Cancer Data",
	author = {{Simone  Ciccolella, Murray D Patterson, Paola  Bonizzoni, Gianluca  Della Vedova}},
	year = "2019",
	publisher = {{BCB '19: Proceedings of the 10th ACM International Conference on Bioinformatics, Computational Biology and Health Informatics}},
}